@Misc{ApacheThrift,
author = {{\relax Apache Software Foundation}},
title = {Apache {Thrift}},
howpublished = {\url{http://thrift.apache.org}},
note = {[Online, accessed 12-November-2014]}
}

@article{Backus1978,
author = {John Backus},
title = {Can Programming Be Liberated from the Von Neumann Style?: A Functional Style and Its Algebra of Programs},
journal = {Communications of the {ACM}},
volume = {21},
number = {8},
month = aug,
year = {1978},
pages = {613--641},
numpages = {29},
url = {\url{http://doi.acm.org/10.1145/359576.359579}},
publisher = {ACM},
address = {New York, NY, USA}
} 


@Misc{bdrlogic:differson,
author = {{\relax BDR Logic}},
title = {Differson},
howpublished = {\url{http://bdrlogic.com/}}
}

@Misc{CEE2010,
author = {{\relax CEE Editorial Board}},
title = {Common Event Expression: Architecture Overview Version 0.5},
howpublished = {\url{http://cee.mitre.org/docs/CEE_Architecture_Overview-v0.5.pdf}},
year = {2010},
note = {[Online]}
}

@Misc{CEE2012,
author = {{\relax CEE Editorial Board}},
title = {{CEE} Overview},
howpublished = {\url{http://cee.mitre.org/language/1.0-beta1/overview.html}},
year = {2012},
note = {[Online; accessed 13-October-2014]}
}

@Misc{CEE2012:CLS,
author = {{\relax CEE Editorial Board}},
title = {{CEE} Log Syntax {(CLS)} Specification},
howpublished = {\url{http://cee.mitre.org/language/1.0-beta1/cls.html}},
year = {2012},
note = {[Online; accessed 13-October-2014]}
}

@Book{ChuvakinSchmidtPhillips2012,
author = {Anton Chuvakin and Kevin Schmidt and Chris Phillips},
title = {Logging and Log Management},
publisher = {Syngress},
year = {2012}
}

@Misc{DeltaXML:DITAMerge,
author = {{\relax DeltaXML}},
title = {{DITA} Merge},
howpublished = {\url{http://www.deltaxml.com/products/dita-merge/}}
}

@TechReport{draft-zyp-json-schema-04,
author = {F. Galiegue},
title = {{JSON} Schema: Core Definitions and Terminology},
howpublished = {Working Draft},
type = {Internet-Draft},
number = {draft-zyp-json-schema-04},
institution = {IETF Secretariat},
year = 2013
}

@Misc{DrDobbs:ThreeWayMerging,
author = {Pablo Santos},
title = {Three-Way Merging: A Look Under the Hood},
howpublished = {\url{http://www.drdobbs.com/tools/three-way-merging-a-look-under-the-hood/240164902}},
year = 2013,
note = {[Online; accessed 16-October-2014]}
}

@article{DworakCharrueEhmSliwinskiSobczak2011,
author = {A. Dworak and P. Charrue and F. Ehm and W. Sliwinski and M. Sobczak},
title = {Middleware Trends And Market Leaders 2011},
journal = {Conf. Proc.},
number = {CERN-ATS-2011-196},
volume = {C111010},
pages = {FRBHMULT05. 4 p},
month = oct,
year = 2011
}

@article{Erwig2001,
author = {Martin Erwig},
title = {Inductive graphs and functional graph algorithms},
journal = {Journal of Functional Programming},
volume = {11},
issue = {05},
month = sep,
year = {2001},
issn = {1469-7653},
pages = {467--492},
numpages = {26},
url = {\url{http://journals.cambridge.org/article_S0956796801004075}}
}

@Misc{GoogleProtocolBuffers,
author = {{\relax Google}},
title = {Protocol Buffers},
howpublished = {\url{https://developers.google.com/protocol-buffers/}},
note = {[Online, accessed 12-November-2014]}
}

@article{Huet1997,
author = {G{\'{e}}rard Huet},
title = {The {Zipper}},
journal = {Journal of Functional Programming},
volume = {7},
number = {5},
month = sep,
year = {1997},
pages = {549--554},
numpages = {6},
url = {\url{http://dx.doi.org/10.1017/S0956796897002864}},
publisher = {Cambridge University Press},
address = {New York, NY, USA},
}

@Article{IEEE1364-2005,
journal={{IEEE} Std 1364-2005 (Revision of {IEEE} Std 1364-2001)},
title={{IEEE} Standard for {Verilog} Hardware Description Language},
year=2006
}

@article{IEEE1800-2005,
journal={{IEEE} Std 1800-2005},
title={{IEEE} Standard for {System} {Verilog} -- Unified Hardware Design,
Specification, and Verification Language},
year=2005,
}

@ARTICLE{IEEE1800-2009,
journal={{IEEE} Std 1800-2009},
title={{IEEE} Standard for {SystemVerilog} -- Unified Hardware Design,
Specification, and Verification Language},
year=2009,
month= dec
}

@techreport{ISOIEC19505-1,
author = {{\relax Object Management Group (OMG)}},
title = {Information Technology -- {Object Management Group Unified Modeling Language} ({OMG UML}) -- Part 1: Infrastructure},
institution = {International Organization for Standardization {(ISO)}},
type = {{ISO/IEC}},
number = {19505-1:2012},
numpages = 220,
year = 2012
}

@techreport{ISOIEC19505-2,
author = {{\relax Object Management Group (OMG)}},
title = {Information Technology -- {Object Management Group Unified Modeling Language} ({OMG UML}) -- Part 2: Superstructure},
institution = {International Organization for Standardization {(ISO)}},
type = {{ISO/IEC}},
number = {19505-2:2012},
numpages = 740,
year = 2012
}

@techreport{ISOIEC19509,
author = {{\relax Object Management Group (OMG)}},
title = {Information Technology -- {Object Management Group XML Metadata Interchange (XMI)}},
institution = {International Organization for Standardization {(ISO)}},
type = {{ISO/IEC}},
number = {19509:2014},
numpages = 105,
year = 2014
}

@inproceedings{Khanna2007,
author = {Khanna, Sanjeev and Kunal, Keshav and Pierce, Benjamin C.},
title = {A Formal Investigation of Diff3},
booktitle = {Proceedings of the 27th International Conference on Foundations of Software Technology and Theoretical Computer Science},
series = {FSTTCS'07},
year = {2007},
isbn = {3-540-77049-6, 978-3-540-77049-7},
location = {New Delhi, India},
pages = {485--496},
numpages = {12},
url = {\url{http://www.cis.upenn.edu/~bcpierce/papers/diff3-short.pdf}},
acmid = {1781836},
publisher = {Springer-Verlag},
address = {Berlin, Heidelberg}
}

@Book{Leffingwell2011,
author = {Dean Leffingwell},
publisher = {Addison-Wesley},
title = {Agile Software Requirements: Lean Requirements Practices for Teams, Programs, and the Enterprise},
year = {2011}
}

@Misc{Leffingwell:SAFE,
author = {Leffingwell and others},
title = {Scaled Agile Framework},
howpublished = {\url{http://scaledagileframework.com}},
note = {[Online; accessed 10-October-2014]}
}

@Misc{libgit2,
author = {{\relax libgit2}},
title = {libgit2},
howpublished = {\url{http://libgit2.github.com}}
}

@Misc{Microsoft:cc766042,
author = {{\relax Microsoft}},
title = {Event Viewer},
howpublished = {\url{http://technet.microsoft.com/en-us/library/cc766042.aspx}},
note = {[Online; accessed 9-October-2014]}
}

@Misc{Microsoft:cc765981,
author = {{\relax Microsoft}},
title = {Windows Event Properties},
howpublished = {\url{http://technet.microsoft.com/en-us/library/cc765981.aspx}},
note = {[Online; accessed 9-October-2014]}
}

@TechReport{NCS3.3,
author = {Tail-f Systems},
publisher = {Tail-f Systems},
title = {{NCS} {$3.3$} User Guide},
year = 2014
}

@Misc{ODL:LoggingBestPractices,
author = {Robert Varga},
title = {Logging Best Practices},
howpublished = "\url{https://wiki.opendaylight.org/view/Logging_Best_Practices}",
note = {[Online; accessed 9-October-2014]}
}

@Book{Okasaki1998,
author = {Chris Okasaki},
title = {Purely Functional Data Structures},
publisher = {Cambridge University Press},
year = {1998}
}

@Misc{OMG:HUTN,
author = {{\relax Object Management Board (OMG)}},
title = {{UML Human-Usable Textual Notation (HUTN)}},
howpublished = {\url{http://www.omg.org/spec/HUTN}},
year = {2004},
note = {[Online; accessed 14-October-2014]}
}

@Misc{OxygenXML:DiffMerge,
author = {{\relax OxygenXML}},
title = {{oXygen XML Diff \& Merge}},
howpublished = {\url{http://www.oxygenxml.com/xml_editor/xml_diff_and_merge.html}}
}

@Book{Perry2009,
author = {J. Steven Perry},
title = {Log4J},
publisher = {O'Reilly},
year = {2009}
}

@Misc{PlasticSCM:MergeRecursiveStrategy,
author = {Pablo Santos},
title = {Merge recursive strategy},
year = 2011,
howpublished = {\url{http://codicesoftware.blogspot.com/2011/09/merge-recursive-strategy.html}},
note = {[Online; accessed 16-October-2014]}
}

@Misc{Querna2011,
author = {Paul Querna},
title = {Write Logs for Machines, use {JSON}},
howpublished = {\url{https://journal.paul.querna.org/articles/2011/12/26/log-for-machines-in-json}},
year = {2011},
note = {[Online, accessed 10-October-2014]}
}

@article{Ramsey2006,
author = {Norman Ramsey and Joa{\~{a}}o Dias},
title = {An Applicative Control-Flow Graph Based on {Huet's} {Zipper}},
journal = {Electronic Notes in Theoretical Computer Science},
volume = {148},
number = {2},
month = mar,
year = {2006},
pages = {105--126},
numpages = {22},
url = {\url{http://dx.doi.org/10.1016/j.entcs.2005.11.042}},
publisher = {Elsevier Science Publishers B. V.},
address = {Amsterdam, The Netherlands, The Netherlands}
}

@TechReport{RFC3164,
author = {C. Lonvick},
title = {The {BSD} Syslog Protocol},
howpublished = {Internet Requests for Comments},
type = {{RFC}},
number = 3164,
publisher = {{IETF}},
institution = {Internet Engineering Task Force},
url = {\url{http://www.ietf.org/rfc/rfc3164.txt}},
year = 2001
}

@TechReport{RFC5277,
author = {S. Chisholm and H. Trevino},
title = {{NETCONF} Event Notifications},
howpublished = {Internet Requests for Comments},
type = {{RFC}},
number = 5277,
publisher = {{IETF}},
institution = {Internet Engineering Task Force},
url = {\url{http://www.ietf.org/rfc/rfc5277.txt}},
year = 2008
}

@TechReport{RFC5424,
author = {R. Gerhards},
title = {The Syslog Protocol},
howpublished = {Internet Requests for Comments},
type = {{RFC}},
number = 5424,
publisher = {{IETF}},
institution = {Internet Engineering Task Force},
url = {\url{http://www.ietf.org/rfc/rfc5424.txt}},
year = 2009
}

@TechReport{RFC6020,
author = {M. Bjorklund},
title = {{YANG} -- A Data Modeling Language for the Network Configuration Protocol {(NETCONF)}},
howpublished = {Internet Requests for Comments},
type = {{RFC}},
number = 6020,
publisher = {{IETF}},
institution = {Internet Engineering Task Force},
url = {\url{http://www.ietf.org/rfc/rfc6020.txt}},
year = 2010
}

@TechReport{RFC6095,
author = {Bernd Linowksi and Mehmet Ersue and Siarhei Kuryla},
title = {Extending {YANG} with Language Abstractions},
howpublished = {Internet Requests for Comments},
type = {{(Experimental) RFC}},
number = 6095,
publisher = {{IETF}},
institution = {Internet Engineering Task Force},
url = {\url{http://www.ietf.org/rfc/rfc6095.txt}},
year = 2011
}

@TechReport{RFC6241,
author = {R. Enns and M. Bjorklund and J. Schoenwaelder and A. Bierman},
title = {Network Configuration Protocol {(NETCONF)}},
howpublished = {Internet Requests for Comments},
type = {{RFC}},
number = 6241,
publisher = {{IETF}},
institution = {Internet Engineering Task Force},
url = {\url{http://www.ietf.org/rfc/rfc6241.txt}},
year = 2011
}

@TechReport{RFC6470,
author = {A. Bierman},
title = {Network Configuration Protocol {(NETCONF)} Base Notifications},
howpublished = {Internet Requests for Comments},
type = {{RFC}},
number = 6470,
publisher = {{IETF}},
institution = {Internet Engineering Task Force},
url = {\url{http://www.ietf.org/rfc/rfc6470.txt}},
year = 2012
}

@TechReport{RFC7223,
author = {M. Bjorklund},
title = {A {YANG} Data Model for Interface Management},
howpublished = {Internet Requests for Comments},
type = {{RFC}},
number = 7223,
publisher = {{IETF}},
institution = {Internet Engineering Task Force},
url = {\url{http://www.ietf.org/rfc/rfc7223.txt}},
year = 2014
}

@TechReport{RFC7277,
author = {M. Bjorklund},
title = {A {YANG} Data Model for {IP} Management},
howpublished = {Internet Requests for Comments},
type = {{RFC}},
number = 7277,
publisher = {{IETF}},
institution = {Internet Engineering Task Force},
url = {\url{http://www.ietf.org/rfc/rfc7277.txt}},
year = 2014
}

@Misc{semanticmerge,
author = {{\relax Semanticmerge}},
title = {Semanticmerge},
howpublished = {\url{http://www.semanticmerge.com/}}
}

@inproceedings{Shumko2009,
author = {Sergiy Shumko},
title = {Ice Middleware in the New Solar Telescope's Telescope Control System},
booktitle = {Astronomical Data Analysis Software and Systems {XVIII}},
year = 2009,
series = {Astronomical Society of the Pacific Conference Series},
volume = 411,
editor = {David A. Bohlender and Daniel Durand and Patrick Dowler},
month = sep,
pages = {482--485},
}

@Book{SingerBird2004,
author = {Abe Singer and Tina Bird},
title = {Building a Logging Infrastructure},
publisher = {The {USENIX} Association},
year = {2004}
}

@techreport{SleeAgarwalKwiatkowski2007,
author = {Mark Slee and Aditya Agarwal and Marc Kwiatkowski},
title = {Thrift: Scalable Cross-Language Services Implementation},
institution = {Facebook},
url = {\url{http://thrift.apache.org/static/files/thrift-20070401.pdf}},
year = 2007
}

@Misc{Splunk:LoggingBestPractices,
author = {{\relax Splunk}},
title = {Logging Best Practices},
howpublished = {\url{http://dev.splunk.com/view/logging-best-practices/SP-CAAADP6}},
note = {[Online, accessed 10-October-2014]}
}

@Misc{Wikipedia:MergingAlgorithms,
author = {{\relax Wikipedia}},
title = {Brief description of merging algorithms},
howpublished = {\url{https://en.wikipedia.org/wiki/Merge_(revision_control)}},
note = {[Online; accessed 16-October-2014]}
}

@Misc{ZeroC:Ice,
author = {{\relax ZeroC}},
title = {The Internet Communications Engine ({Ice})},
howpublished = {\url{http://www.zeroc.com/ice.html}},
note = {[Online; accessed 03-November-2014]}
}
