@book{Knuth1986,
    title = {The TeXbook},
    author = {Donald Knuth},
    year = {1986},
    publisher = {Addison-Wesley},
    address = {Reading, MA, USA}
}
